%YAML 1.1
%TAG !u! tag:unity3d.com,2011:
--- !u!1001 &100100000
Prefab:
  m_ObjectHideFlags: 1
  serializedVersion: 2
  m_Modification:
    m_TransformParent: {fileID: 0}
    m_Modifications: []
    m_RemovedComponents: []
  m_ParentPrefab: {fileID: 0}
  m_RootGameObject: {fileID: 1000014172378798}
  m_IsPrefabParent: 1
--- !u!1 &1000010353551706
GameObject:
  m_ObjectHideFlags: 1
  m_PrefabParentObject: {fileID: 0}
  m_PrefabInternal: {fileID: 100100000}
  serializedVersion: 4
  m_Component:
  - 4: {fileID: 4000011873691166}
  m_Layer: 0
  m_Name: neck1_JNT
  m_TagString: Untagged
  m_Icon: {fileID: 0}
  m_NavMeshLayer: 0
  m_StaticEditorFlags: 0
  m_IsActive: 1
--- !u!1 &1000010478994768
GameObject:
  m_ObjectHideFlags: 1
  m_PrefabParentObject: {fileID: 0}
  m_PrefabInternal: {fileID: 100100000}
  serializedVersion: 4
  m_Component:
  - 4: {fileID: 4000010981221662}
  m_Layer: 0
  m_Name: R_ball_JNT
  m_TagString: Untagged
  m_Icon: {fileID: 0}
  m_NavMeshLayer: 0
  m_StaticEditorFlags: 0
  m_IsActive: 1
--- !u!1 &1000010604239838
GameObject:
  m_ObjectHideFlags: 1
  m_PrefabParentObject: {fileID: 0}
  m_PrefabInternal: {fileID: 100100000}
  serializedVersion: 4
  m_Component:
  - 4: {fileID: 4000013678750480}
  m_Layer: 0
  m_Name: R_ankle_JNT
  m_TagString: Untagged
  m_Icon: {fileID: 0}
  m_NavMeshLayer: 0
  m_StaticEditorFlags: 0
  m_IsActive: 1
--- !u!1 &1000010769463324
GameObject:
  m_ObjectHideFlags: 1
  m_PrefabParentObject: {fileID: 0}
  m_PrefabInternal: {fileID: 100100000}
  serializedVersion: 4
  m_Component:
  - 4: {fileID: 4000010744767024}
  m_Layer: 0
  m_Name: L_thumb_JNT
  m_TagString: Untagged
  m_Icon: {fileID: 0}
  m_NavMeshLayer: 0
  m_StaticEditorFlags: 0
  m_IsActive: 1
--- !u!1 &1000010791068206
GameObject:
  m_ObjectHideFlags: 1
  m_PrefabParentObject: {fileID: 0}
  m_PrefabInternal: {fileID: 100100000}
  serializedVersion: 4
  m_Component:
  - 4: {fileID: 4000013660225650}
  m_Layer: 0
  m_Name: L_ankle_JNT
  m_TagString: Untagged
  m_Icon: {fileID: 0}
  m_NavMeshLayer: 0
  m_StaticEditorFlags: 0
  m_IsActive: 1
--- !u!1 &1000010890460512
GameObject:
  m_ObjectHideFlags: 1
  m_PrefabParentObject: {fileID: 0}
  m_PrefabInternal: {fileID: 100100000}
  serializedVersion: 4
  m_Component:
  - 4: {fileID: 4000010016079282}
  - 137: {fileID: 137000011492249300}
  m_Layer: 0
  m_Name: guard1
  m_TagString: Untagged
  m_Icon: {fileID: 0}
  m_NavMeshLayer: 0
  m_StaticEditorFlags: 0
  m_IsActive: 1
--- !u!1 &1000010918344062
GameObject:
  m_ObjectHideFlags: 1
  m_PrefabParentObject: {fileID: 0}
  m_PrefabInternal: {fileID: 100100000}
  serializedVersion: 4
  m_Component:
  - 4: {fileID: 4000011013956382}
  m_Layer: 0
  m_Name: R_shoulder_JNT
  m_TagString: Untagged
  m_Icon: {fileID: 0}
  m_NavMeshLayer: 0
  m_StaticEditorFlags: 0
  m_IsActive: 1
--- !u!1 &1000011109199302
GameObject:
  m_ObjectHideFlags: 1
  m_PrefabParentObject: {fileID: 0}
  m_PrefabInternal: {fileID: 100100000}
  serializedVersion: 4
  m_Component:
  - 4: {fileID: 4000011289587862}
  m_Layer: 0
  m_Name: CTRL_global
  m_TagString: Untagged
  m_Icon: {fileID: 0}
  m_NavMeshLayer: 0
  m_StaticEditorFlags: 0
  m_IsActive: 1
--- !u!1 &1000011232116912
GameObject:
  m_ObjectHideFlags: 1
  m_PrefabParentObject: {fileID: 0}
  m_PrefabInternal: {fileID: 100100000}
  serializedVersion: 4
  m_Component:
  - 4: {fileID: 4000013115037628}
  m_Layer: 0
  m_Name: spine2_JNT
  m_TagString: Untagged
  m_Icon: {fileID: 0}
  m_NavMeshLayer: 0
  m_StaticEditorFlags: 0
  m_IsActive: 1
--- !u!1 &1000011449229178
GameObject:
  m_ObjectHideFlags: 1
  m_PrefabParentObject: {fileID: 0}
  m_PrefabInternal: {fileID: 100100000}
  serializedVersion: 4
  m_Component:
  - 4: {fileID: 4000012446070564}
  m_Layer: 0
  m_Name: Reference_JNT
  m_TagString: Untagged
  m_Icon: {fileID: 0}
  m_NavMeshLayer: 0
  m_StaticEditorFlags: 0
  m_IsActive: 1
--- !u!1 &1000011520020144
GameObject:
  m_ObjectHideFlags: 1
  m_PrefabParentObject: {fileID: 0}
  m_PrefabInternal: {fileID: 100100000}
  serializedVersion: 4
  m_Component:
  - 4: {fileID: 4000012018327596}
  m_Layer: 0
  m_Name: L_wrist_JNT
  m_TagString: Untagged
  m_Icon: {fileID: 0}
  m_NavMeshLayer: 0
  m_StaticEditorFlags: 0
  m_IsActive: 1
--- !u!1 &1000011867722218
GameObject:
  m_ObjectHideFlags: 1
  m_PrefabParentObject: {fileID: 0}
  m_PrefabInternal: {fileID: 100100000}
  serializedVersion: 4
  m_Component:
  - 4: {fileID: 4000011414629632}
  m_Layer: 0
  m_Name: neck2_JNT
  m_TagString: Untagged
  m_Icon: {fileID: 0}
  m_NavMeshLayer: 0
  m_StaticEditorFlags: 0
  m_IsActive: 1
--- !u!1 &1000011913259574
GameObject:
  m_ObjectHideFlags: 1
  m_PrefabParentObject: {fileID: 0}
  m_PrefabInternal: {fileID: 100100000}
  serializedVersion: 4
  m_Component:
  - 4: {fileID: 4000011508325764}
  m_Layer: 0
  m_Name: L_shoulder_JNT
  m_TagString: Untagged
  m_Icon: {fileID: 0}
  m_NavMeshLayer: 0
  m_StaticEditorFlags: 0
  m_IsActive: 1
--- !u!1 &1000011947529150
GameObject:
  m_ObjectHideFlags: 1
  m_PrefabParentObject: {fileID: 0}
  m_PrefabInternal: {fileID: 100100000}
  serializedVersion: 4
  m_Component:
  - 4: {fileID: 4000014095512716}
  m_Layer: 0
  m_Name: L_hand_JNT
  m_TagString: Untagged
  m_Icon: {fileID: 0}
  m_NavMeshLayer: 0
  m_StaticEditorFlags: 0
  m_IsActive: 1
--- !u!1 &1000011996944792
GameObject:
  m_ObjectHideFlags: 0
  m_PrefabParentObject: {fileID: 0}
  m_PrefabInternal: {fileID: 100100000}
  serializedVersion: 4
  m_Component:
  - 4: {fileID: 4000012421703484}
  - 33: {fileID: 33000010163397786}
  - 65: {fileID: 65000011496705856}
  - 23: {fileID: 23000013108107812}
  - 54: {fileID: 54000011861484144}
  - 114: {fileID: 114000011072414832}
  m_Layer: 0
  m_Name: Trigger
  m_TagString: Untagged
  m_Icon: {fileID: 0}
  m_NavMeshLayer: 0
  m_StaticEditorFlags: 0
  m_IsActive: 1
--- !u!1 &1000012007483536
GameObject:
  m_ObjectHideFlags: 1
  m_PrefabParentObject: {fileID: 0}
  m_PrefabInternal: {fileID: 100100000}
  serializedVersion: 4
  m_Component:
  - 4: {fileID: 4000010250565466}
  m_Layer: 0
  m_Name: clavicle_JNT
  m_TagString: Untagged
  m_Icon: {fileID: 0}
  m_NavMeshLayer: 0
  m_StaticEditorFlags: 0
  m_IsActive: 1
--- !u!1 &1000012165183012
GameObject:
  m_ObjectHideFlags: 1
  m_PrefabParentObject: {fileID: 0}
  m_PrefabInternal: {fileID: 100100000}
  serializedVersion: 4
  m_Component:
  - 4: {fileID: 4000013653331550}
  m_Layer: 0
  m_Name: R_leg_JNT
  m_TagString: Untagged
  m_Icon: {fileID: 0}
  m_NavMeshLayer: 0
  m_StaticEditorFlags: 0
  m_IsActive: 1
--- !u!1 &1000012306639060
GameObject:
  m_ObjectHideFlags: 1
  m_PrefabParentObject: {fileID: 0}
  m_PrefabInternal: {fileID: 100100000}
  serializedVersion: 4
  m_Component:
  - 4: {fileID: 4000010348082480}
  m_Layer: 0
  m_Name: R_knee_JNT
  m_TagString: Untagged
  m_Icon: {fileID: 0}
  m_NavMeshLayer: 0
  m_StaticEditorFlags: 0
  m_IsActive: 1
--- !u!1 &1000012411840080
GameObject:
  m_ObjectHideFlags: 1
  m_PrefabParentObject: {fileID: 0}
  m_PrefabInternal: {fileID: 100100000}
  serializedVersion: 4
  m_Component:
  - 4: {fileID: 4000013103791580}
  m_Layer: 0
  m_Name: L_elbow_JNT
  m_TagString: Untagged
  m_Icon: {fileID: 0}
  m_NavMeshLayer: 0
  m_StaticEditorFlags: 0
  m_IsActive: 1
--- !u!1 &1000012549866058
GameObject:
  m_ObjectHideFlags: 1
  m_PrefabParentObject: {fileID: 0}
  m_PrefabInternal: {fileID: 100100000}
  serializedVersion: 4
  m_Component:
  - 4: {fileID: 4000013159976344}
  m_Layer: 0
  m_Name: R_hand_JNT
  m_TagString: Untagged
  m_Icon: {fileID: 0}
  m_NavMeshLayer: 0
  m_StaticEditorFlags: 0
  m_IsActive: 1
--- !u!1 &1000012557430552
GameObject:
  m_ObjectHideFlags: 1
  m_PrefabParentObject: {fileID: 0}
  m_PrefabInternal: {fileID: 100100000}
  serializedVersion: 4
  m_Component:
  - 4: {fileID: 4000012327780680}
  m_Layer: 0
  m_Name: L_knee_JNT
  m_TagString: Untagged
  m_Icon: {fileID: 0}
  m_NavMeshLayer: 0
  m_StaticEditorFlags: 0
  m_IsActive: 1
--- !u!1 &1000012560155970
GameObject:
  m_ObjectHideFlags: 0
  m_PrefabParentObject: {fileID: 0}
  m_PrefabInternal: {fileID: 100100000}
  serializedVersion: 4
  m_Component:
  - 4: {fileID: 4000012261109062}
  - 95: {fileID: 95000012337494918}
  - 54: {fileID: 54000011094650114}
  m_Layer: 0
  m_Name: guard_modelv5
  m_TagString: Untagged
  m_Icon: {fileID: 0}
  m_NavMeshLayer: 0
  m_StaticEditorFlags: 0
  m_IsActive: 1
--- !u!1 &1000012564811502
GameObject:
  m_ObjectHideFlags: 1
  m_PrefabParentObject: {fileID: 0}
  m_PrefabInternal: {fileID: 100100000}
  serializedVersion: 4
  m_Component:
  - 4: {fileID: 4000013275665658}
  - 137: {fileID: 137000010599585230}
  m_Layer: 0
  m_Name: guard2
  m_TagString: Untagged
  m_Icon: {fileID: 0}
  m_NavMeshLayer: 0
  m_StaticEditorFlags: 0
  m_IsActive: 1
--- !u!1 &1000012715624304
GameObject:
  m_ObjectHideFlags: 1
  m_PrefabParentObject: {fileID: 0}
  m_PrefabInternal: {fileID: 100100000}
  serializedVersion: 4
  m_Component:
  - 4: {fileID: 4000011643274350}
  m_Layer: 0
  m_Name: hips_JNT
  m_TagString: Untagged
  m_Icon: {fileID: 0}
  m_NavMeshLayer: 0
  m_StaticEditorFlags: 0
  m_IsActive: 1
--- !u!1 &1000012845665906
GameObject:
  m_ObjectHideFlags: 1
  m_PrefabParentObject: {fileID: 0}
  m_PrefabInternal: {fileID: 100100000}
  serializedVersion: 4
  m_Component:
  - 4: {fileID: 4000010105852912}
  m_Layer: 0
  m_Name: L_toetip_JNT
  m_TagString: Untagged
  m_Icon: {fileID: 0}
  m_NavMeshLayer: 0
  m_StaticEditorFlags: 0
  m_IsActive: 1
--- !u!1 &1000012883929900
GameObject:
  m_ObjectHideFlags: 1
  m_PrefabParentObject: {fileID: 0}
  m_PrefabInternal: {fileID: 100100000}
  serializedVersion: 4
  m_Component:
  - 4: {fileID: 4000012486752330}
  m_Layer: 0
  m_Name: R_thumb_JNT
  m_TagString: Untagged
  m_Icon: {fileID: 0}
  m_NavMeshLayer: 0
  m_StaticEditorFlags: 0
  m_IsActive: 1
--- !u!1 &1000013058284022
GameObject:
  m_ObjectHideFlags: 1
  m_PrefabParentObject: {fileID: 0}
  m_PrefabInternal: {fileID: 100100000}
  serializedVersion: 4
  m_Component:
  - 4: {fileID: 4000013886560992}
  m_Layer: 0
  m_Name: R_toetip_JNT
  m_TagString: Untagged
  m_Icon: {fileID: 0}
  m_NavMeshLayer: 0
  m_StaticEditorFlags: 0
  m_IsActive: 1
--- !u!1 &1000013061259326
GameObject:
  m_ObjectHideFlags: 1
  m_PrefabParentObject: {fileID: 0}
  m_PrefabInternal: {fileID: 100100000}
  serializedVersion: 4
  m_Component:
  - 4: {fileID: 4000011511164958}
  m_Layer: 0
  m_Name: Root_JNT
  m_TagString: Untagged
  m_Icon: {fileID: 0}
  m_NavMeshLayer: 0
  m_StaticEditorFlags: 0
  m_IsActive: 1
--- !u!1 &1000013149993630
GameObject:
  m_ObjectHideFlags: 1
  m_PrefabParentObject: {fileID: 0}
  m_PrefabInternal: {fileID: 100100000}
  serializedVersion: 4
  m_Component:
  - 4: {fileID: 4000014203120320}
  m_Layer: 0
  m_Name: root_ctrl
  m_TagString: Untagged
  m_Icon: {fileID: 0}
  m_NavMeshLayer: 0
  m_StaticEditorFlags: 0
  m_IsActive: 1
--- !u!1 &1000013304592852
GameObject:
  m_ObjectHideFlags: 1
  m_PrefabParentObject: {fileID: 0}
  m_PrefabInternal: {fileID: 100100000}
  serializedVersion: 4
  m_Component:
  - 4: {fileID: 4000014262575274}
  m_Layer: 0
  m_Name: spine1_JNT
  m_TagString: Untagged
  m_Icon: {fileID: 0}
  m_NavMeshLayer: 0
  m_StaticEditorFlags: 0
  m_IsActive: 1
--- !u!1 &1000013388772828
GameObject:
  m_ObjectHideFlags: 1
  m_PrefabParentObject: {fileID: 0}
  m_PrefabInternal: {fileID: 100100000}
  serializedVersion: 4
  m_Component:
  - 4: {fileID: 4000011946606166}
  m_Layer: 0
  m_Name: R_wrist_JNT
  m_TagString: Untagged
  m_Icon: {fileID: 0}
  m_NavMeshLayer: 0
  m_StaticEditorFlags: 0
  m_IsActive: 1
--- !u!1 &1000013559231748
GameObject:
  m_ObjectHideFlags: 1
  m_PrefabParentObject: {fileID: 0}
  m_PrefabInternal: {fileID: 100100000}
  serializedVersion: 4
  m_Component:
  - 4: {fileID: 4000012975617262}
  m_Layer: 0
  m_Name: R_elbow_JNT
  m_TagString: Untagged
  m_Icon: {fileID: 0}
  m_NavMeshLayer: 0
  m_StaticEditorFlags: 0
  m_IsActive: 1
--- !u!1 &1000013700226094
GameObject:
  m_ObjectHideFlags: 1
  m_PrefabParentObject: {fileID: 0}
  m_PrefabInternal: {fileID: 100100000}
  serializedVersion: 4
  m_Component:
  - 4: {fileID: 4000014063053018}
  m_Layer: 0
  m_Name: L_ball_JNT
  m_TagString: Untagged
  m_Icon: {fileID: 0}
  m_NavMeshLayer: 0
  m_StaticEditorFlags: 0
  m_IsActive: 1
--- !u!1 &1000013763824280
GameObject:
  m_ObjectHideFlags: 1
  m_PrefabParentObject: {fileID: 0}
  m_PrefabInternal: {fileID: 100100000}
  serializedVersion: 4
  m_Component:
  - 4: {fileID: 4000013635463810}
  m_Layer: 0
  m_Name: L_leg_JNT
  m_TagString: Untagged
  m_Icon: {fileID: 0}
  m_NavMeshLayer: 0
  m_StaticEditorFlags: 0
  m_IsActive: 1
--- !u!1 &1000013910261166
GameObject:
  m_ObjectHideFlags: 1
  m_PrefabParentObject: {fileID: 0}
  m_PrefabInternal: {fileID: 100100000}
  serializedVersion: 4
  m_Component:
  - 4: {fileID: 4000013759446832}
  m_Layer: 0
  m_Name: head_JNT
  m_TagString: Untagged
  m_Icon: {fileID: 0}
  m_NavMeshLayer: 0
  m_StaticEditorFlags: 0
  m_IsActive: 1
--- !u!1 &1000014172378798
GameObject:
  m_ObjectHideFlags: 0
  m_PrefabParentObject: {fileID: 0}
  m_PrefabInternal: {fileID: 100100000}
  serializedVersion: 4
  m_Component:
  - 4: {fileID: 4000011187701998}
  - 95: {fileID: 95000010394889670}
  - 65: {fileID: 65000010832004274}
  - 114: {fileID: 114000013587424348}
  m_Layer: 0
  m_Name: Blue Falcon
  m_TagString: Untagged
  m_Icon: {fileID: 3936346786652291628, guid: 0000000000000000d000000000000000, type: 0}
  m_NavMeshLayer: 0
  m_StaticEditorFlags: 0
  m_IsActive: 1
--- !u!4 &4000010016079282
Transform:
  m_ObjectHideFlags: 1
  m_PrefabParentObject: {fileID: 0}
  m_PrefabInternal: {fileID: 100100000}
  m_GameObject: {fileID: 1000010890460512}
  m_LocalRotation: {x: 0, y: -0, z: -0, w: 1}
  m_LocalPosition: {x: -0, y: 0, z: 0}
  m_LocalScale: {x: 1, y: 1, z: 1}
  m_LocalEulerAnglesHint: {x: 0, y: 0, z: 0}
  m_Children: []
  m_Father: {fileID: 4000012261109062}
  m_RootOrder: 1
--- !u!4 &4000010105852912
Transform:
  m_ObjectHideFlags: 1
  m_PrefabParentObject: {fileID: 0}
  m_PrefabInternal: {fileID: 100100000}
  m_GameObject: {fileID: 1000012845665906}
  m_LocalRotation: {x: -0.0019475216, y: 0.00034871697, z: -0.17625327, w: 0.9843429}
  m_LocalPosition: {x: -0.08082103, y: -1.11022296e-17, z: -5.32907e-16}
  m_LocalScale: {x: 1, y: 1, z: 1}
  m_LocalEulerAnglesHint: {x: 0, y: 0, z: 0}
  m_Children: []
  m_Father: {fileID: 4000014063053018}
  m_RootOrder: 0
--- !u!4 &4000010250565466
Transform:
  m_ObjectHideFlags: 1
  m_PrefabParentObject: {fileID: 0}
  m_PrefabInternal: {fileID: 100100000}
  m_GameObject: {fileID: 1000012007483536}
  m_LocalRotation: {x: -0.0017134015, y: -0.5846814, z: 0.001511075, w: 0.8112598}
  m_LocalPosition: {x: -0.14999999, y: 1.2776237e-16, z: -1.4402864e-20}
  m_LocalScale: {x: 1, y: 1, z: 1}
  m_LocalEulerAnglesHint: {x: 0, y: 0, z: 0}
  m_Children:
  - {fileID: 4000011508325764}
  - {fileID: 4000011873691166}
  - {fileID: 4000011013956382}
  m_Father: {fileID: 4000013115037628}
  m_RootOrder: 0
--- !u!4 &4000010348082480
Transform:
  m_ObjectHideFlags: 1
  m_PrefabParentObject: {fileID: 0}
  m_PrefabInternal: {fileID: 100100000}
  m_GameObject: {fileID: 1000012306639060}
  m_LocalRotation: {x: -0.017758204, y: -0.0062830774, z: -0.18824723, w: 0.981941}
  m_LocalPosition: {x: -0.35574064, y: 6.661338e-17, z: 4.4408918e-17}
  m_LocalScale: {x: 1, y: 1, z: 1}
  m_LocalEulerAnglesHint: {x: 0, y: 0, z: 0}
  m_Children:
  - {fileID: 4000013678750480}
  m_Father: {fileID: 4000013653331550}
  m_RootOrder: 0
--- !u!4 &4000010744767024
Transform:
  m_ObjectHideFlags: 1
  m_PrefabParentObject: {fileID: 0}
  m_PrefabInternal: {fileID: 100100000}
  m_GameObject: {fileID: 1000010769463324}
  m_LocalRotation: {x: 0.015772175, y: 0.038147654, z: 0.1447157, w: 0.9886119}
  m_LocalPosition: {x: -0.1447477, y: -8.8817837e-17, z: 4.884981e-16}
  m_LocalScale: {x: 1, y: 1, z: 1}
  m_LocalEulerAnglesHint: {x: 0, y: 0, z: 0}
  m_Children: []
  m_Father: {fileID: 4000012018327596}
  m_RootOrder: 1
--- !u!4 &4000010981221662
Transform:
  m_ObjectHideFlags: 1
  m_PrefabParentObject: {fileID: 0}
  m_PrefabInternal: {fileID: 100100000}
  m_GameObject: {fileID: 1000010478994768}
  m_LocalRotation: {x: 0.008041365, y: 0.03475744, z: 0.21729186, w: 0.9754545}
  m_LocalPosition: {x: -0.07558903, y: 3.330669e-17, z: 0}
  m_LocalScale: {x: 1, y: 1, z: 1}
  m_LocalEulerAnglesHint: {x: 0, y: 0, z: 0}
  m_Children:
  - {fileID: 4000013886560992}
  m_Father: {fileID: 4000013678750480}
  m_RootOrder: 0
--- !u!4 &4000011013956382
Transform:
  m_ObjectHideFlags: 1
  m_PrefabParentObject: {fileID: 0}
  m_PrefabInternal: {fileID: 100100000}
  m_GameObject: {fileID: 1000010918344062}
  m_LocalRotation: {x: -0.0049850224, y: 0.35687104, z: -0.018577458, w: 0.9339556}
  m_LocalPosition: {x: 0.12648699, y: -0.0013641136, z: 0.09486646}
  m_LocalScale: {x: 1, y: 1, z: 1}
  m_LocalEulerAnglesHint: {x: 0, y: 0, z: 0}
  m_Children:
  - {fileID: 4000012975617262}
  m_Father: {fileID: 4000010250565466}
  m_RootOrder: 2
--- !u!4 &4000011187701998
Transform:
  m_ObjectHideFlags: 1
  m_PrefabParentObject: {fileID: 0}
  m_PrefabInternal: {fileID: 100100000}
  m_GameObject: {fileID: 1000014172378798}
  m_LocalRotation: {x: -0, y: 0.7071068, z: -0, w: 0.7071068}
  m_LocalPosition: {x: -8.35, y: 0, z: 0.92}
  m_LocalScale: {x: 1, y: 1, z: 1}
  m_LocalEulerAnglesHint: {x: 0, y: 90, z: 0}
  m_Children:
  - {fileID: 4000012261109062}
  - {fileID: 4000012421703484}
  m_Father: {fileID: 0}
  m_RootOrder: 0
--- !u!4 &4000011289587862
Transform:
  m_ObjectHideFlags: 1
  m_PrefabParentObject: {fileID: 0}
  m_PrefabInternal: {fileID: 100100000}
  m_GameObject: {fileID: 1000011109199302}
  m_LocalRotation: {x: 0, y: -0, z: -0, w: 1}
  m_LocalPosition: {x: -0, y: 0, z: 0}
  m_LocalScale: {x: 1, y: 1, z: 1}
  m_LocalEulerAnglesHint: {x: 0, y: 0, z: 0}
  m_Children:
  - {fileID: 4000014203120320}
  m_Father: {fileID: 4000012261109062}
  m_RootOrder: 0
--- !u!4 &4000011414629632
Transform:
  m_ObjectHideFlags: 1
  m_PrefabParentObject: {fileID: 0}
  m_PrefabInternal: {fileID: 100100000}
  m_GameObject: {fileID: 1000011867722218}
  m_LocalRotation: {x: -2.4980018e-16, y: 7.2164497e-16, z: -1.3233858e-13, w: 1}
  m_LocalPosition: {x: -0.11993212, y: 9.405505e-19, z: 4.10881e-16}
  m_LocalScale: {x: 1, y: 1, z: 1}
  m_LocalEulerAnglesHint: {x: 0, y: 0, z: 0}
  m_Children:
  - {fileID: 4000013759446832}
  m_Father: {fileID: 4000011873691166}
  m_RootOrder: 0
--- !u!4 &4000011508325764
Transform:
  m_ObjectHideFlags: 1
  m_PrefabParentObject: {fileID: 0}
  m_PrefabInternal: {fileID: 100100000}
  m_GameObject: {fileID: 1000011913259574}
  m_LocalRotation: {x: 0.773254, y: 0.011800856, z: 0.6338687, w: 0.012226462}
  m_LocalPosition: {x: -0.15811534, y: -2.6628004e-17, z: -2.664535e-15}
  m_LocalScale: {x: 1, y: 1, z: 1}
  m_LocalEulerAnglesHint: {x: 0, y: 0, z: 0}
  m_Children:
  - {fileID: 4000013103791580}
  m_Father: {fileID: 4000010250565466}
  m_RootOrder: 0
--- !u!4 &4000011511164958
Transform:
  m_ObjectHideFlags: 1
  m_PrefabParentObject: {fileID: 0}
  m_PrefabInternal: {fileID: 100100000}
  m_GameObject: {fileID: 1000013061259326}
  m_LocalRotation: {x: -0.49702665, y: 0.5029017, z: 0.50295955, w: 0.49707755}
  m_LocalPosition: {x: 0.0018277139, y: 0.00035527156, z: 0.6715208}
  m_LocalScale: {x: 1, y: 1, z: 1}
  m_LocalEulerAnglesHint: {x: 0, y: 0, z: 0}
  m_Children:
  - {fileID: 4000011643274350}
  m_Father: {fileID: 4000012446070564}
  m_RootOrder: 0
--- !u!4 &4000011643274350
Transform:
  m_ObjectHideFlags: 1
  m_PrefabParentObject: {fileID: 0}
  m_PrefabInternal: {fileID: 100100000}
  m_GameObject: {fileID: 1000012715624304}
  m_LocalRotation: {x: 0.7071074, y: -0.004542808, z: -0.0042871614, w: 0.70707864}
  m_LocalPosition: {x: -0.17138629, y: -0.0018274761, z: 0.00035527156}
  m_LocalScale: {x: 1, y: 1, z: 1}
  m_LocalEulerAnglesHint: {x: 0, y: 0, z: 0}
  m_Children:
  - {fileID: 4000013635463810}
  - {fileID: 4000013653331550}
  - {fileID: 4000014262575274}
  m_Father: {fileID: 4000011511164958}
  m_RootOrder: 0
--- !u!4 &4000011873691166
Transform:
  m_ObjectHideFlags: 1
  m_PrefabParentObject: {fileID: 0}
  m_PrefabInternal: {fileID: 100100000}
  m_GameObject: {fileID: 1000010353551706}
  m_LocalRotation: {x: 0, y: 0.58471155, z: -0, w: 0.81124127}
  m_LocalPosition: {x: -0.03162248, y: 1.7130467e-15, z: 0.09486842}
  m_LocalScale: {x: 1, y: 1, z: 1}
  m_LocalEulerAnglesHint: {x: 0, y: 0, z: 0}
  m_Children:
  - {fileID: 4000011414629632}
  m_Father: {fileID: 4000010250565466}
  m_RootOrder: 1
--- !u!4 &4000011946606166
Transform:
  m_ObjectHideFlags: 1
  m_PrefabParentObject: {fileID: 0}
  m_PrefabInternal: {fileID: 100100000}
  m_GameObject: {fileID: 1000013388772828}
  m_LocalRotation: {x: -0.11440794, y: 0.35131165, z: 0.02693327, w: 0.9288517}
  m_LocalPosition: {x: 0.29544672, y: 0.00000052482426, z: -0.0000008939431}
  m_LocalScale: {x: 1, y: 1, z: 1}
  m_LocalEulerAnglesHint: {x: 0, y: 0, z: 0}
  m_Children:
  - {fileID: 4000013159976344}
  - {fileID: 4000012486752330}
  m_Father: {fileID: 4000012975617262}
  m_RootOrder: 0
--- !u!4 &4000012018327596
Transform:
  m_ObjectHideFlags: 1
  m_PrefabParentObject: {fileID: 0}
  m_PrefabInternal: {fileID: 100100000}
  m_GameObject: {fileID: 1000011520020144}
  m_LocalRotation: {x: -0.11440794, y: 0.35131165, z: 0.02693327, w: 0.9288517}
  m_LocalPosition: {x: -0.3046382, y: 0, z: 0}
  m_LocalScale: {x: 1, y: 1, z: 1}
  m_LocalEulerAnglesHint: {x: 0, y: 0, z: 0}
  m_Children:
  - {fileID: 4000014095512716}
  - {fileID: 4000010744767024}
  m_Father: {fileID: 4000013103791580}
  m_RootOrder: 0
--- !u!4 &4000012261109062
Transform:
  m_ObjectHideFlags: 1
  m_PrefabParentObject: {fileID: 0}
  m_PrefabInternal: {fileID: 100100000}
  m_GameObject: {fileID: 1000012560155970}
  m_LocalRotation: {x: -0, y: -0, z: 0, w: 1}
  m_LocalPosition: {x: -0.33, y: -0.61, z: -0.08}
  m_LocalScale: {x: 1, y: 1, z: 1}
  m_LocalEulerAnglesHint: {x: 0, y: 90, z: 0}
  m_Children:
  - {fileID: 4000011289587862}
  - {fileID: 4000010016079282}
  - {fileID: 4000013275665658}
  - {fileID: 4000012446070564}
  m_Father: {fileID: 4000011187701998}
  m_RootOrder: 0
--- !u!4 &4000012327780680
Transform:
  m_ObjectHideFlags: 1
  m_PrefabParentObject: {fileID: 0}
  m_PrefabInternal: {fileID: 100100000}
  m_GameObject: {fileID: 1000012557430552}
  m_LocalRotation: {x: -0.00010343891, y: -0.0053266385, z: 0.14560126, w: 0.98932904}
  m_LocalPosition: {x: -0.3557406, y: -1.5543121e-16, z: 3.1086242e-16}
  m_LocalScale: {x: 1, y: 1, z: 1}
  m_LocalEulerAnglesHint: {x: 0, y: 0, z: 0}
  m_Children:
  - {fileID: 4000013660225650}
  m_Father: {fileID: 4000013635463810}
  m_RootOrder: 0
--- !u!4 &4000012421703484
Transform:
  m_ObjectHideFlags: 1
  m_PrefabParentObject: {fileID: 0}
  m_PrefabInternal: {fileID: 100100000}
  m_GameObject: {fileID: 1000011996944792}
  m_LocalRotation: {x: -0, y: -0.7071068, z: -0, w: 0.7071068}
  m_LocalPosition: {x: -0, y: -0.32999992, z: 12.22}
  m_LocalScale: {x: 1, y: 1, z: 1}
  m_LocalEulerAnglesHint: {x: 0, y: 0, z: 0}
  m_Children: []
  m_Father: {fileID: 4000011187701998}
  m_RootOrder: 1
--- !u!4 &4000012446070564
Transform:
  m_ObjectHideFlags: 1
  m_PrefabParentObject: {fileID: 0}
  m_PrefabInternal: {fileID: 100100000}
  m_GameObject: {fileID: 1000011449229178}
  m_LocalRotation: {x: -0.7071068, y: -1.7865816e-16, z: -2.1648903e-17, w: 0.7071068}
  m_LocalPosition: {x: -0.00031329063, y: -0.0025319215, z: 0}
  m_LocalScale: {x: 1, y: 1, z: 1}
  m_LocalEulerAnglesHint: {x: 0, y: 0, z: 0}
  m_Children:
  - {fileID: 4000011511164958}
  m_Father: {fileID: 4000012261109062}
  m_RootOrder: 3
--- !u!4 &4000012486752330
Transform:
  m_ObjectHideFlags: 1
  m_PrefabParentObject: {fileID: 0}
  m_PrefabInternal: {fileID: 100100000}
  m_GameObject: {fileID: 1000012883929900}
  m_LocalRotation: {x: 0.015261726, y: 0.041300368, z: 0.14872251, w: 0.9878983}
  m_LocalPosition: {x: 0.14474726, y: -0.00000006077611, z: -0.00000009528289}
  m_LocalScale: {x: 1, y: 1, z: 1}
  m_LocalEulerAnglesHint: {x: 0, y: 0, z: 0}
  m_Children: []
  m_Father: {fileID: 4000011946606166}
  m_RootOrder: 1
--- !u!4 &4000012975617262
Transform:
  m_ObjectHideFlags: 1
  m_PrefabParentObject: {fileID: 0}
  m_PrefabInternal: {fileID: 100100000}
  m_GameObject: {fileID: 1000013559231748}
  m_LocalRotation: {x: 0.004758723, y: -0.024755204, z: -0.15324628, w: 0.98786646}
  m_LocalPosition: {x: 0.4033744, y: -0.000000015127588, z: 1.5987211e-15}
  m_LocalScale: {x: 1, y: 1, z: 1}
  m_LocalEulerAnglesHint: {x: 0, y: 0, z: 0}
  m_Children:
  - {fileID: 4000011946606166}
  m_Father: {fileID: 4000011013956382}
  m_RootOrder: 0
--- !u!4 &4000013103791580
Transform:
  m_ObjectHideFlags: 1
  m_PrefabParentObject: {fileID: 0}
  m_PrefabInternal: {fileID: 100100000}
  m_GameObject: {fileID: 1000012411840080}
  m_LocalRotation: {x: 0.004758723, y: -0.024755204, z: -0.15324628, w: 0.98786646}
  m_LocalPosition: {x: -0.4033744, y: -2.7755574e-17, z: 3.5527135e-16}
  m_LocalScale: {x: 1, y: 1, z: 1}
  m_LocalEulerAnglesHint: {x: 0, y: 0, z: 0}
  m_Children:
  - {fileID: 4000012018327596}
  m_Father: {fileID: 4000011508325764}
  m_RootOrder: 0
--- !u!4 &4000013115037628
Transform:
  m_ObjectHideFlags: 1
  m_PrefabParentObject: {fileID: 0}
  m_PrefabInternal: {fileID: 100100000}
  m_GameObject: {fileID: 1000011232116912}
  m_LocalRotation: {x: -7.771559e-16, y: 0.002735856, z: -0.0006356648, w: 0.99999607}
  m_LocalPosition: {x: -0.19999999, y: 0.00035527156, z: 0.0018277139}
  m_LocalScale: {x: 1, y: 1, z: 1}
  m_LocalEulerAnglesHint: {x: 0, y: 0, z: 0}
  m_Children:
  - {fileID: 4000010250565466}
  m_Father: {fileID: 4000014262575274}
  m_RootOrder: 0
--- !u!4 &4000013159976344
Transform:
  m_ObjectHideFlags: 1
  m_PrefabParentObject: {fileID: 0}
  m_PrefabInternal: {fileID: 100100000}
  m_GameObject: {fileID: 1000012549866058}
  m_LocalRotation: {x: 0.04956946, y: -0.3444689, z: 0.13353014, w: 0.9279298}
  m_LocalPosition: {x: 0.13311647, y: 0.05858402, z: 0.12911744}
  m_LocalScale: {x: 1, y: 1, z: 1}
  m_LocalEulerAnglesHint: {x: 0, y: 0, z: 0}
  m_Children: []
  m_Father: {fileID: 4000011946606166}
  m_RootOrder: 0
--- !u!4 &4000013275665658
Transform:
  m_ObjectHideFlags: 1
  m_PrefabParentObject: {fileID: 0}
  m_PrefabInternal: {fileID: 100100000}
  m_GameObject: {fileID: 1000012564811502}
  m_LocalRotation: {x: 0, y: -0, z: -0, w: 1}
  m_LocalPosition: {x: -0, y: 0, z: 0}
  m_LocalScale: {x: 1, y: 1, z: 1}
  m_LocalEulerAnglesHint: {x: 0, y: 0, z: 0}
  m_Children: []
  m_Father: {fileID: 4000012261109062}
  m_RootOrder: 2
--- !u!4 &4000013635463810
Transform:
  m_ObjectHideFlags: 1
  m_PrefabParentObject: {fileID: 0}
  m_PrefabInternal: {fileID: 100100000}
  m_GameObject: {fileID: 1000013763824280}
  m_LocalRotation: {x: 0.051936455, y: 0.0044361367, z: 0.99655384, w: 0.06452476}
  m_LocalPosition: {x: 0.08797382, y: 2.2009033e-17, z: -0.15381803}
  m_LocalScale: {x: 1, y: 1, z: 1}
  m_LocalEulerAnglesHint: {x: 0, y: 0, z: 0}
  m_Children:
  - {fileID: 4000012327780680}
  m_Father: {fileID: 4000011643274350}
  m_RootOrder: 0
--- !u!4 &4000013653331550
Transform:
  m_ObjectHideFlags: 1
  m_PrefabParentObject: {fileID: 0}
  m_PrefabInternal: {fileID: 100100000}
  m_GameObject: {fileID: 1000012165183012}
  m_LocalRotation: {x: 0.08489061, y: 0.9952297, z: -0.0042113, w: 0.04789252}
  m_LocalPosition: {x: 0.09265184, y: -6.166237e-17, z: 0.15104656}
  m_LocalScale: {x: 1, y: 1, z: 1}
  m_LocalEulerAnglesHint: {x: 0, y: 0, z: 0}
  m_Children:
  - {fileID: 4000010348082480}
  m_Father: {fileID: 4000011643274350}
  m_RootOrder: 1
--- !u!4 &4000013660225650
Transform:
  m_ObjectHideFlags: 1
  m_PrefabParentObject: {fileID: 0}
  m_PrefabInternal: {fileID: 100100000}
  m_GameObject: {fileID: 1000010791068206}
  m_LocalRotation: {x: -0.0028878164, y: 0.005607399, z: -0.45231745, w: 0.89183474}
  m_LocalPosition: {x: -0.30742452, y: 3.1086242e-16, z: 8.8817837e-17}
  m_LocalScale: {x: 1, y: 1, z: 1}
  m_LocalEulerAnglesHint: {x: 0, y: 0, z: 0}
  m_Children:
  - {fileID: 4000014063053018}
  m_Father: {fileID: 4000012327780680}
  m_RootOrder: 0
--- !u!4 &4000013678750480
Transform:
  m_ObjectHideFlags: 1
  m_PrefabParentObject: {fileID: 0}
  m_PrefabInternal: {fileID: 100100000}
  m_GameObject: {fileID: 1000010604239838}
  m_LocalRotation: {x: 0.041492257, y: 0.016852383, z: 0.47267652, w: 0.8800973}
  m_LocalPosition: {x: -0.30742452, y: -1.11022296e-17, z: -8.8817837e-17}
  m_LocalScale: {x: 1, y: 1, z: 1}
  m_LocalEulerAnglesHint: {x: 0, y: 0, z: 0}
  m_Children:
  - {fileID: 4000010981221662}
  m_Father: {fileID: 4000010348082480}
  m_RootOrder: 0
--- !u!4 &4000013759446832
Transform:
  m_ObjectHideFlags: 1
  m_PrefabParentObject: {fileID: 0}
  m_PrefabInternal: {fileID: 100100000}
  m_GameObject: {fileID: 1000013910261166}
  m_LocalRotation: {x: 0.5011355, y: -0.5011355, z: 0.49886197, w: 0.49886197}
  m_LocalPosition: {x: -0.73434746, y: -2.773561e-18, z: 6.2547375e-16}
  m_LocalScale: {x: 1, y: 1, z: 1}
  m_LocalEulerAnglesHint: {x: 0, y: 0, z: 0}
  m_Children: []
  m_Father: {fileID: 4000011414629632}
  m_RootOrder: 0
--- !u!4 &4000013886560992
Transform:
  m_ObjectHideFlags: 1
  m_PrefabParentObject: {fileID: 0}
  m_PrefabInternal: {fileID: 100100000}
  m_GameObject: {fileID: 1000013058284022}
  m_LocalRotation: {x: -0.17625251, y: 0.9843448, z: 0.000121033256, w: -0.0006759533}
  m_LocalPosition: {x: -0.08082091, y: 0, z: -1.3322676e-16}
  m_LocalScale: {x: 1, y: 1, z: 1}
  m_LocalEulerAnglesHint: {x: 0, y: 0, z: 0}
  m_Children: []
  m_Father: {fileID: 4000010981221662}
  m_RootOrder: 0
--- !u!4 &4000014063053018
Transform:
  m_ObjectHideFlags: 1
  m_PrefabParentObject: {fileID: 0}
  m_PrefabInternal: {fileID: 100100000}
  m_GameObject: {fileID: 1000013700226094}
  m_LocalRotation: {x: -0.06319286, y: 0.02160209, z: -0.21899158, w: 0.9734386}
  m_LocalPosition: {x: -0.07558902, y: -1.11022296e-16, z: 1.7763567e-16}
  m_LocalScale: {x: 1, y: 1, z: 1}
  m_LocalEulerAnglesHint: {x: 0, y: 0, z: 0}
  m_Children:
  - {fileID: 4000010105852912}
  m_Father: {fileID: 4000013660225650}
  m_RootOrder: 0
--- !u!4 &4000014095512716
Transform:
  m_ObjectHideFlags: 1
  m_PrefabParentObject: {fileID: 0}
  m_PrefabInternal: {fileID: 100100000}
  m_GameObject: {fileID: 1000011947529150}
  m_LocalRotation: {x: 0.04956946, y: -0.3444689, z: 0.13353014, w: 0.9279298}
  m_LocalPosition: {x: -0.13311802, y: -0.058584508, z: -0.12911776}
  m_LocalScale: {x: 1, y: 1, z: 1}
  m_LocalEulerAnglesHint: {x: 0, y: 0, z: 0}
  m_Children: []
  m_Father: {fileID: 4000012018327596}
  m_RootOrder: 0
--- !u!4 &4000014203120320
Transform:
  m_ObjectHideFlags: 1
  m_PrefabParentObject: {fileID: 0}
  m_PrefabInternal: {fileID: 100100000}
  m_GameObject: {fileID: 1000013149993630}
  m_LocalRotation: {x: 0, y: -0, z: -0, w: 1}
  m_LocalPosition: {x: -0, y: 0, z: 0.016852144}
  m_LocalScale: {x: 1, y: 1, z: 1}
  m_LocalEulerAnglesHint: {x: 0, y: 0, z: 0}
  m_Children: []
  m_Father: {fileID: 4000011289587862}
  m_RootOrder: 0
--- !u!4 &4000014262575274
Transform:
  m_ObjectHideFlags: 1
  m_PrefabParentObject: {fileID: 0}
  m_PrefabInternal: {fileID: 100100000}
  m_GameObject: {fileID: 1000013304592852}
  m_LocalRotation: {x: -0.000019423227, y: -0.002923146, z: -0.000035777583, w: 0.99999577}
  m_LocalPosition: {x: -0.15966728, y: 0.00035527156, z: 0.0018274988}
  m_LocalScale: {x: 1, y: 1, z: 1}
  m_LocalEulerAnglesHint: {x: 0, y: 0, z: 0}
  m_Children:
  - {fileID: 4000013115037628}
  m_Father: {fileID: 4000011643274350}
  m_RootOrder: 2
--- !u!23 &23000013108107812
MeshRenderer:
  m_ObjectHideFlags: 1
  m_PrefabParentObject: {fileID: 0}
  m_PrefabInternal: {fileID: 100100000}
  m_GameObject: {fileID: 1000011996944792}
  m_Enabled: 0
  m_CastShadows: 1
  m_ReceiveShadows: 1
  m_MotionVectors: 1
  m_LightProbeUsage: 1
  m_ReflectionProbeUsage: 1
  m_Materials:
  - {fileID: 10303, guid: 0000000000000000f000000000000000, type: 0}
  m_SubsetIndices: 
  m_StaticBatchRoot: {fileID: 0}
  m_ProbeAnchor: {fileID: 0}
  m_LightProbeVolumeOverride: {fileID: 0}
  m_ScaleInLightmap: 1
  m_PreserveUVs: 1
  m_IgnoreNormalsForChartDetection: 0
  m_ImportantGI: 0
  m_SelectedWireframeHidden: 0
  m_MinimumChartSize: 4
  m_AutoUVMaxDistance: 0.5
  m_AutoUVMaxAngle: 89
  m_LightmapParameters: {fileID: 0}
  m_SortingLayerID: 0
  m_SortingOrder: 0
--- !u!33 &33000010163397786
MeshFilter:
  m_ObjectHideFlags: 1
  m_PrefabParentObject: {fileID: 0}
  m_PrefabInternal: {fileID: 100100000}
  m_GameObject: {fileID: 1000011996944792}
  m_Mesh: {fileID: 10202, guid: 0000000000000000e000000000000000, type: 0}
--- !u!54 &54000011094650114
Rigidbody:
  m_ObjectHideFlags: 1
  m_PrefabParentObject: {fileID: 0}
  m_PrefabInternal: {fileID: 100100000}
  m_GameObject: {fileID: 1000012560155970}
  serializedVersion: 2
  m_Mass: 10
  m_Drag: 0
  m_AngularDrag: 0.05
  m_UseGravity: 1
  m_IsKinematic: 0
  m_Interpolate: 0
  m_Constraints: 126
  m_CollisionDetection: 0
--- !u!54 &54000011861484144
Rigidbody:
  m_ObjectHideFlags: 1
  m_PrefabParentObject: {fileID: 0}
  m_PrefabInternal: {fileID: 100100000}
  m_GameObject: {fileID: 1000011996944792}
  serializedVersion: 2
  m_Mass: 1
  m_Drag: 0
  m_AngularDrag: 0.05
  m_UseGravity: 0
  m_IsKinematic: 1
  m_Interpolate: 0
  m_Constraints: 0
  m_CollisionDetection: 0
--- !u!65 &65000010832004274
BoxCollider:
  m_ObjectHideFlags: 1
  m_PrefabParentObject: {fileID: 0}
  m_PrefabInternal: {fileID: 100100000}
  m_GameObject: {fileID: 1000014172378798}
  m_Material: {fileID: 0}
  m_IsTrigger: 1
  m_Enabled: 1
  serializedVersion: 2
  m_Size: {x: 1.15, y: 2.4375563, z: 1.3}
  m_Center: {x: -0.3, y: 0.21, z: 0}
--- !u!65 &65000011496705856
BoxCollider:
  m_ObjectHideFlags: 1
  m_PrefabParentObject: {fileID: 0}
  m_PrefabInternal: {fileID: 100100000}
  m_GameObject: {fileID: 1000011996944792}
  m_Material: {fileID: 0}
  m_IsTrigger: 1
  m_Enabled: 1
  serializedVersion: 2
  m_Size: {x: 1, y: 1, z: 1}
  m_Center: {x: 0, y: 0, z: 0}
--- !u!95 &95000010394889670
Animator:
  serializedVersion: 3
  m_ObjectHideFlags: 1
  m_PrefabParentObject: {fileID: 0}
  m_PrefabInternal: {fileID: 100100000}
  m_GameObject: {fileID: 1000014172378798}
  m_Enabled: 0
  m_Avatar: {fileID: 9000000, guid: 6a5e3f32374fb63459e103f934875991, type: 3}
  m_Controller: {fileID: 9100000, guid: da8b572c989655a4abef04b6b67b89dc, type: 2}
  m_CullingMode: 1
  m_UpdateMode: 0
  m_ApplyRootMotion: 0
  m_LinearVelocityBlending: 0
  m_WarningMessage: 
  m_HasTransformHierarchy: 1
  m_AllowConstantClipSamplingOptimization: 1
--- !u!95 &95000012337494918
Animator:
  serializedVersion: 3
  m_ObjectHideFlags: 1
  m_PrefabParentObject: {fileID: 0}
  m_PrefabInternal: {fileID: 100100000}
  m_GameObject: {fileID: 1000012560155970}
  m_Enabled: 1
  m_Avatar: {fileID: 9000000, guid: fb46f0652f7497c448ec69cc69a528a5, type: 3}
  m_Controller: {fileID: 9100000, guid: da8b572c989655a4abef04b6b67b89dc, type: 2}
  m_CullingMode: 1
  m_UpdateMode: 0
  m_ApplyRootMotion: 0
  m_LinearVelocityBlending: 0
  m_WarningMessage: 
  m_HasTransformHierarchy: 1
  m_AllowConstantClipSamplingOptimization: 1
--- !u!114 &114000011072414832
MonoBehaviour:
  m_ObjectHideFlags: 1
  m_PrefabParentObject: {fileID: 0}
  m_PrefabInternal: {fileID: 100100000}
  m_GameObject: {fileID: 1000011996944792}
  m_Enabled: 1
  m_EditorHideFlags: 0
  m_Script: {fileID: 11500000, guid: 07edf41e24a266449bd2b3a4f6f2fe7d, type: 3}
  m_Name: 
  m_EditorClassIdentifier: 
  guardWarning: {fileID: 0}
  guard: {fileID: 1000014172378798}
  transition: 0
--- !u!114 &114000013587424348
MonoBehaviour:
  m_ObjectHideFlags: 1
  m_PrefabParentObject: {fileID: 0}
  m_PrefabInternal: {fileID: 100100000}
  m_GameObject: {fileID: 1000014172378798}
  m_Enabled: 1
  m_EditorHideFlags: 0
  m_Script: {fileID: 11500000, guid: 0d3bdc2cd07bce244841023041949e0c, type: 3}
  m_Name: 
  m_EditorClassIdentifier: 
  playerMarker: {fileID: 0}
  backMarker: {fileID: 0}
  standbyMarker: {fileID: 0}
  forwardSpeed: 7
  backwardsSpeed: 5
  timer: 1.5
  num: 1
--- !u!137 &137000010599585230
SkinnedMeshRenderer:
  m_ObjectHideFlags: 1
  m_PrefabParentObject: {fileID: 0}
  m_PrefabInternal: {fileID: 100100000}
  m_GameObject: {fileID: 1000012564811502}
  m_Enabled: 1
  m_CastShadows: 1
  m_ReceiveShadows: 1
  m_MotionVectors: 1
  m_LightProbeUsage: 1
  m_ReflectionProbeUsage: 1
  m_Materials:
  - {fileID: 2100000, guid: 7d16945126f755046bee60337825bb86, type: 2}
  m_SubsetIndices: 
  m_StaticBatchRoot: {fileID: 0}
  m_ProbeAnchor: {fileID: 0}
  m_LightProbeVolumeOverride: {fileID: 0}
  m_ScaleInLightmap: 1
  m_PreserveUVs: 0
  m_IgnoreNormalsForChartDetection: 0
  m_ImportantGI: 0
  m_SelectedWireframeHidden: 0
  m_MinimumChartSize: 4
  m_AutoUVMaxDistance: 0.5
  m_AutoUVMaxAngle: 89
  m_LightmapParameters: {fileID: 0}
  m_SortingLayerID: 0
  m_SortingOrder: 0
  serializedVersion: 2
  m_Quality: 0
  m_UpdateWhenOffscreen: 0
  m_SkinnedMotionVectors: 1
  m_Mesh: {fileID: 4300002, guid: fb46f0652f7497c448ec69cc69a528a5, type: 3}
  m_Bones:
  - {fileID: 4000012446070564}
  - {fileID: 4000011511164958}
  - {fileID: 4000011643274350}
  - {fileID: 4000014262575274}
  - {fileID: 4000013115037628}
  - {fileID: 4000010250565466}
  - {fileID: 4000011508325764}
  - {fileID: 4000013103791580}
  - {fileID: 4000012018327596}
  - {fileID: 4000010744767024}
  - {fileID: 4000011873691166}
  - {fileID: 4000011414629632}
  - {fileID: 4000013759446832}
  - {fileID: 4000011013956382}
  - {fileID: 4000012975617262}
  - {fileID: 4000011946606166}
  - {fileID: 4000012486752330}
  - {fileID: 4000013635463810}
  - {fileID: 4000012327780680}
  - {fileID: 4000013660225650}
  - {fileID: 4000014063053018}
  - {fileID: 4000010105852912}
  - {fileID: 4000013653331550}
  - {fileID: 4000010348082480}
  - {fileID: 4000013678750480}
  - {fileID: 4000010981221662}
  - {fileID: 4000013886560992}
  m_BlendShapeWeights: []
  m_RootBone: {fileID: 4000012446070564}
  m_AABB:
    m_Center: {x: 0.0011630952, y: -0.110168114, z: 1.0845238}
    m_Extent: {x: 0.84091425, y: 0.4204849, z: 1.2337285}
  m_DirtyAABB: 0
--- !u!137 &137000011492249300
SkinnedMeshRenderer:
  m_ObjectHideFlags: 1
  m_PrefabParentObject: {fileID: 0}
  m_PrefabInternal: {fileID: 100100000}
  m_GameObject: {fileID: 1000010890460512}
  m_Enabled: 1
  m_CastShadows: 1
  m_ReceiveShadows: 1
  m_MotionVectors: 1
  m_LightProbeUsage: 1
  m_ReflectionProbeUsage: 1
  m_Materials:
  - {fileID: 2100000, guid: 7d16945126f755046bee60337825bb86, type: 2}
  - {fileID: 2100000, guid: 7d16945126f755046bee60337825bb86, type: 2}
  m_SubsetIndices: 
  m_StaticBatchRoot: {fileID: 0}
  m_ProbeAnchor: {fileID: 0}
  m_LightProbeVolumeOverride: {fileID: 0}
  m_ScaleInLightmap: 1
  m_PreserveUVs: 0
  m_IgnoreNormalsForChartDetection: 0
  m_ImportantGI: 0
  m_SelectedWireframeHidden: 0
  m_MinimumChartSize: 4
  m_AutoUVMaxDistance: 0.5
  m_AutoUVMaxAngle: 89
  m_LightmapParameters: {fileID: 0}
  m_SortingLayerID: 0
  m_SortingOrder: 0
  serializedVersion: 2
  m_Quality: 0
  m_UpdateWhenOffscreen: 0
  m_SkinnedMotionVectors: 1
  m_Mesh: {fileID: 4300000, guid: fb46f0652f7497c448ec69cc69a528a5, type: 3}
  m_Bones:
  - {fileID: 4000013115037628}
  - {fileID: 4000010250565466}
  - {fileID: 4000011508325764}
  - {fileID: 4000011873691166}
  - {fileID: 4000011414629632}
  - {fileID: 4000013759446832}
  - {fileID: 4000011013956382}
  m_BlendShapeWeights: []
  m_RootBone: {fileID: 4000013115037628}
  m_AABB:
    m_Center: {x: -0.76758564, y: -0.0853259, z: -0.09191066}
    m_Extent: {x: 0.59848964, y: 0.59799546, z: 0.61522514}
  m_DirtyAABB: 0
